@article{rubin2005causal,
  title={Causal inference using potential outcomes: Design, modeling, decisions},
  author={Rubin, Donald B},
  journal={Journal of the American Statistical Association},
  volume={100},
  number={469},
  pages={322--331},
  year={2005},
  publisher={Taylor \& Francis}
}

@article{loken2017measurement,
  title={Measurement error and the replication crisis},
  author={Loken, Eric and Gelman, Andrew},
  journal={Science},
  volume={355},
  number={6325},
  pages={584--585},
  year={2017},
  publisher={American Association for the Advancement of Science}
}

@article{johnson2007adjusting,
  title={Adjusting batch effects in microarray expression data using empirical Bayes methods},
  author={Johnson, W Evan and Li, Cheng and Rabinovic, Ariel},
  journal={Biostatistics},
  volume={8},
  number={1},
  pages={118--127},
  year={2007},
  publisher={Oxford University Press}
}

@article{steinman1973identification,
  title={Identification of a novel cell type in peripheral lymphoid organs of mice: I. Morphology, quantitation, tissue distribution},
  author={Steinman, Ralph M and Cohn, Zanvil A},
  journal={Journal of Experimental Medicine},
  volume={137},
  number={5},
  pages={1142--1162},
  year={1973},
  publisher={Rockefeller University Press}
}

@article{cieslik2018cancer,
  title={Cancer transcriptome profiling at the juncture of clinical translation},
  author={Cie{\'s}lik, Marcin and Chinnaiyan, Arul M},
  journal={Nature Reviews Genetics},
  volume={19},
  number={2},
  pages={93},
  year={2018},
  publisher={Nature Publishing Group}
}

@article{bloomfield1982physiological,
  title={A physiological and morphological study of the horizontal cell types of the rabbit retina},
  author={Bloomfield, Stewart A and Miller, Robert F},
  journal={Journal of Comparative Neurology},
  volume={208},
  number={3},
  pages={288--303},
  year={1982},
  publisher={Wiley Online Library}
}

@article{tasic2017shared,
  title={Shared and distinct transcriptomic cell types across neocortical areas},
  author={Tasic, Bosiljka and Yao, Zizhen and Smith, Kimberly A and Graybuck, Lucas and Nguyen, Thuc Nghi and Bertagnolli, Darren and Goldy, Jeff and Garren, Emma and Economo, Michael N and Viswanathan, Sarada and others},
  journal={bioRxiv},
  pages={229542},
  year={2017},
  publisher={Cold Spring Harbor Laboratory}
}

@inproceedings{srivastava2018survey,
  title={A Survey on Automatic Image Captioning},
  author={Srivastava, Gargi and Srivastava, Rajeev},
  booktitle={International Conference on Mathematics and Computing},
  pages={74--83},
  year={2018},
  organization={Springer}
}

@article{haibe2013inconsistency,
  title={Inconsistency in large pharmacogenomic studies},
  author={Haibe-Kains, Benjamin and El-Hachem, Nehme and Birkbak, Nicolai Juul and Jin, Andrew C and Beck, Andrew H and Aerts, Hugo JWL and Quackenbush, John},
  journal={Nature},
  volume={504},
  number={7480},
  pages={389},
  year={2013},
  publisher={Nature Publishing Group}
}

@article{imamura2015comparison,
  title={Comparison of 2D-and 3D-culture models as drug-testing platforms in breast cancer},
  author={Imamura, Yoshinori and Mukohara, Toru and Shimono, Yohei and Funakoshi, Yohei and Chayahara, Naoko and Toyoda, Masanori and Kiyota, Naomi and Takao, Shintaro and Kono, Seishi and Nakatsura, Tetsuya and others},
  journal={Oncology reports},
  volume={33},
  number={4},
  pages={1837--1843},
  year={2015},
  publisher={Spandidos Publications}
}

@article{azuaje2016computational,
  title={Computational models for predicting drug responses in cancer research},
  author={Azuaje, Francisco},
  journal={Briefings in bioinformatics},
  volume={18},
  number={5},
  pages={820--829},
  year={2016},
  publisher={Oxford University Press}
}

@article{baker2016reproducibility,
  title={REPRODUCIBILITY CRISIS?},
  author={Baker, Monya},
  journal={Nature},
  volume={533},
  pages={26},
  year={2016}
}

@article{de2005gauge,
  title={Gauge R\&R studies for destructive measurements},
  author={De Mast, Jeroen and Trip, Albert},
  journal={Journal of Quality Technology},
  volume={37},
  number={1},
  pages={40},
  year={2005},
  publisher={American Society for Quality}
}

@article{bipm2008international,
  title={International vocabulary of metrology--basic and general concepts and associated terms, 2008},
  author={BiPM, IEC and IFcc, ILAc and ISO, IUPAC and IUPAP, OIML},
  journal={JcGM},
  volume={200},
  pages={99--12},
  year={2008}
}

@article{kannan2012random,
  title={Random walks on polytopes and an affine interior point method for linear programming},
  author={Kannan, Ravindran and Narayanan, Hariharan},
  journal={Mathematics of Operations Research},
  volume={37},
  number={1},
  pages={1--20},
  year={2012},
  publisher={INFORMS}
}

@article{crow2018characterizing,
  title={Characterizing the replicability of cell types defined by single cell RNA-sequencing data using MetaNeighbor},
  author={Crow, Megan and Paul, Anirban and Ballouz, Sara and Huang, Z Josh and Gillis, Jesse},
  journal={Nature communications},
  volume={9},
  number={1},
  pages={884},
  year={2018},
  publisher={Nature Publishing Group}
}

@article{kiselev2018scmap,
  title={scmap: projection of single-cell RNA-seq data across data sets},
  author={Kiselev, Vladimir Yu and Yiu, Andrew and Hemberg, Martin},
  journal={Nature methods},
  year={2018},
  publisher={Nature Publishing Group}
}

@inproceedings{brieden1998approximation,
  title={Approximation of diameters: Randomization doesn't help},
  author={Brieden, Andreas and Gritzmann, Peter and Kannan, Ravi and Klee, Victor and Lov{\'a}sz, L{\'a}szl{\'o} and Simonovits, Mikl{\'o}s},
  booktitle={Foundations of Computer Science, 1998. Proceedings. 39th Annual Symposium on},
  pages={244--251},
  year={1998},
  organization={IEEE}
}

@inproceedings{bonet2001instrumentality,
  title={Instrumentality tests revisited},
  author={Bonet, Blai},
  booktitle={Proceedings of the Seventeenth conference on Uncertainty in artificial intelligence},
  pages={48--55},
  year={2001},
  organization={Morgan Kaufmann Publishers Inc.}
}

@article{clauser1969proposed,
  title={Proposed experiment to test local hidden-variable theories},
  author={Clauser, John F and Horne, Michael A and Shimony, Abner and Holt, Richard A},
  journal={Physical review letters},
  volume={23},
  number={15},
  pages={880},
  year={1969},
  publisher={APS}
}

@article{chaves2014inferring,
  title={Inferring latent structures via information inequalities},
  author={Chaves, Rafael and Luft, Lukas and Maciel, Thiago O and Gross, David and Janzing, Dominik and Sch{\"o}lkopf, Bernhard},
  journal={arXiv preprint arXiv:1407.2256},
  year={2014}
}

@article{kela2017semidefinite,
  title={Semidefinite tests for latent causal structures},
  author={Kela, Aditya and von Prillwitz, Kai and Aberg, Johan and Chaves, Rafael and Gross, David},
  journal={arXiv preprint arXiv:1701.00652},
  year={2017}
}

@article{makarov1982estimates,
  title={Estimates for the distribution function of a sum of two random variables when the marginal distributions are fixed},
  author={Makarov, GD},
  journal={Theory of Probability \& its Applications},
  volume={26},
  number={4},
  pages={803--806},
  year={1982},
  publisher={SIAM}
}